<?xml version="1.0" encoding="UTF-8"?><collection xmlns="http://www.loc.gov/MARC21/slim"><record><leader>00510nam--2200181-i-4500</leader><controlfield tag="001">000038343</controlfield><controlfield tag="002">20161230</controlfield><controlfield tag="005">20161230201041</controlfield><controlfield tag="008">060222s1000------------r-----000-0-fre-d</controlfield><datafield ind1=" " ind2=" " tag="040"><subfield code="a">IFIN-HH</subfield></datafield><datafield ind1=" " ind2=" " tag="041"><subfield code="a">fre</subfield></datafield><datafield ind1=" " ind2=" " tag="080"><subfield code="a">015:539.171.016:546.34</subfield></datafield><datafield ind1="1" ind2=" " tag="100"><subfield code="a">Remaud, Bernard</subfield></datafield><datafield ind1="1" ind2="0" tag="245"><subfield code="a">Contribution a l`etude de la collision elastique neutron-lithium 6</subfield><subfield code="b">These</subfield><subfield code="c">Bernard remaud</subfield></datafield><datafield ind1=" " ind2=" " tag="260"><subfield code="a">Nantes</subfield><subfield code="b">Faculte Des Sciences</subfield><subfield code="c">1971</subfield></datafield><datafield ind1=" " ind2=" " tag="300"><subfield code="a">137P</subfield></datafield><datafield ind1=" " ind2=" " tag="852"><subfield code="a">38077</subfield><subfield code="c">539.17</subfield></datafield><datafield ind1=" " ind2=" " tag="CAT"><subfield code="a">Sys</subfield><subfield code="c">20120608</subfield><subfield code="h">144211</subfield></datafield></record></collection>